@article{markowitz1952portfolio,
	title={Portfolio selection},
	author={Markowitz, Harry},
	journal={The journal of finance},
	volume={7},
	number={1},
	pages={77--91},
	year={1952},
	publisher={Wiley Online Library}
}

@misc{mv,
	author = {wiki},
	title = {Modern portfolio theory},
	howpublished = {\url{https://en.wikipedia.org/wiki/Modern_portfolio_theory}},
}
@article{sullivan2006brief,
	title={A Brief History of the Capital Asset Pricing Model},
	author={Sullivan, Edward J},
	journal={Association of Pennsylvania University Business and Economic Faculties},
	year={2006}
}
@misc{capm1,
	author = {investopedia},
	title = {CAPM},
	howpublished = {\url{http://www.investopedia.com/terms/c/capm.asp}},
}
@misc{capm2,
	author = {wiki},
	title = {CAPM},
	howpublished = {\url{https://en.wikipedia.org/wiki/Capital_asset_pricing_model}},
}