@inproceedings{smith2017cyclical,
	title={Cyclical learning rates for training neural networks},
	author={Smith, Leslie N},
	booktitle={Applications of Computer Vision (WACV), 2017 IEEE Winter Conference on},
	pages={464--472},
	year={2017},
	organization={IEEE}
}
@article{tsang2017detecting,
	title={Detecting Statistical Interactions from Neural Network Weights},
	author={Tsang, Michael and Cheng, Dehua and Liu, Yan},
	journal={arXiv preprint arXiv:1705.04977},
	year={2017}
}
@article{sinha2017introspection,
	title={Introspection: Accelerating Neural Network Training By Learning Weight Evolution},
	author={Sinha, Abhishek and Sarkar, Mausoom and Mukherjee, Aahitagni and Krishnamurthy, Balaji},
	journal={arXiv preprint arXiv:1704.04959},
	year={2017}
}
@article{zhang2017yellowfin,
	title={YellowFin and the Art of Momentum Tuning},
	author={Zhang, Jian and Mitliagkas, Ioannis and R{\'e}, Christopher},
	journal={arXiv preprint arXiv:1706.03471},
	year={2017}
}
@article{baker2017practical,
	title={Practical Neural Network Performance Prediction for Early Stopping},
	author={Baker, Bowen and Gupta, Otkrist and Raskar, Ramesh and Naik, Nikhil},
	journal={arXiv preprint arXiv:1705.10823},
	year={2017}
}
@article{klein2016learning,
	title={Learning curve prediction with Bayesian neural networks},
	author={Klein, Aaron and Falkner, Stefan and Springenberg, Jost Tobias and Hutter, Frank},
	year={2016}
}
@article{lecun1998gradient,
  title={Gradient-based learning applied to document recognition},
  author={LeCun, Yann and Bottou, L{\'e}on and Bengio, Yoshua and Haffner, Patrick},
  journal={Proceedings of the IEEE},
  volume={86},
  number={11},
  pages={2278--2324},
  year={1998},
  publisher={IEEE}
}
@inproceedings{krizhevsky2012,
  title={Imagenet classification with deep convolutional neural networks},
  author={Krizhevsky, Alex and Sutskever, Ilya and Hinton, Geoffrey E},
  booktitle={Advances in neural information processing systems},
  pages={1097--1105},
  year={2012}
}
@article{simonyan2014,
  title={Very deep convolutional networks for large-scale image recognition},
  author={Simonyan, Karen and Zisserman, Andrew},
  journal={arXiv preprint arXiv:1409.1556},
  year={2014}
}
@inproceedings{szegedy2015,
  title={Going deeper with convolutions},
  author={Szegedy, Christian and Liu, Wei and Jia, Yangqing and Sermanet, Pierre and Reed, Scott and Anguelov, Dragomir and Erhan, Dumitru and Vanhoucke, Vincent and Rabinovich, Andrew},
  booktitle={Proceedings of the IEEE Conference on Computer Vision and Pattern Recognition},
  pages={1--9},
  year={2015}
}
@inproceedings{szegedy2016,
  title={Rethinking the inception architecture for computer vision},
  author={Szegedy, Christian and Vanhoucke, Vincent and Ioffe, Sergey and Shlens, Jon and Wojna, Zbigniew},
  booktitle={Proceedings of the IEEE Conference on Computer Vision and Pattern Recognition},
  pages={2818--2826},
  year={2016}
}
@inproceedings{he2016,
  title={Deep residual learning for image recognition},
  author={He, Kaiming and Zhang, Xiangyu and Ren, Shaoqing and Sun, Jian},
  booktitle={Proceedings of the IEEE Conference on Computer Vision and Pattern Recognition},
  pages={770--778},
  year={2016}
}
@article{huang2016,
  title={Densely connected convolutional networks},
  author={Huang, Gao and Liu, Zhuang and Weinberger, Kilian Q and van der Maaten, Laurens},
  journal={arXiv preprint arXiv:1608.06993},
  year={2016}
}
@article{xie2016aggregated,
  title={Aggregated residual transformations for deep neural networks},
  author={Xie, Saining and Girshick, Ross and Doll{\'a}r, Piotr and Tu, Zhuowen and He, Kaiming},
  journal={arXiv preprint arXiv:1611.05431},
  year={2016}
}
@inproceedings{deng2009imagenet,
  title={Imagenet: A large-scale hierarchical image database},
  author={Deng, Jia and Dong, Wei and Socher, Richard and Li, Li-Jia and Li, Kai and Fei-Fei, Li},
  booktitle={Computer Vision and Pattern Recognition, 2009. CVPR 2009. IEEE Conference on},
  pages={248--255},
  year={2009},
  organization={IEEE}
}
@inproceedings{netzer2011reading,
  title={Reading digits in natural images with unsupervised feature learning},
  author={Netzer, Yuval and Wang, Tao and Coates, Adam and Bissacco, Alessandro and Wu, Bo and Ng, Andrew Y},
  booktitle={NIPS workshop on deep learning and unsupervised feature learning},
  volume={2011},
  number={2},
  pages={5},
  year={2011}
}
@inproceedings{lin2014microsoft,
  title={Microsoft coco: Common objects in context},
  author={Lin, Tsung-Yi and Maire, Michael and Belongie, Serge and Hays, James and Perona, Pietro and Ramanan, Deva and Doll{\'a}r, Piotr and Zitnick, C Lawrence},
  booktitle={European Conference on Computer Vision},
  pages={740--755},
  year={2014},
  organization={Springer}
}
@article{zoph2016neural,
  title={Neural architecture search with reinforcement learning},
  author={Zoph, Barret and Le, Quoc V},
  journal={arXiv preprint arXiv:1611.01578},
  year={2016}
}
@article{Baker16design,
  author    = {Bowen Baker and
               Otkrist Gupta and
               Nikhil Naik and
               Ramesh Raskar},
  title     = {Designing Neural Network Architectures using Reinforcement Learning},
  journal   = {CoRR},
  volume    = {abs/1611.02167},
  year      = {2016},
  url       = {http://arxiv.org/abs/1611.02167},
  timestamp = {Thu, 01 Dec 2016 19:32:08 +0100},
  biburl    = {http://dblp.uni-trier.de/rec/bib/journals/corr/BakerGNR16},
  bibsource = {dblp computer science bibliography, http://dblp.org}
}
@article{hochreiter1997long,
  title={Long short-term memory},
  author={Hochreiter, Sepp and Schmidhuber, J{\"u}rgen},
  journal={Neural computation},
  volume={9},
  number={8},
  pages={1735--1780},
  year={1997},
  publisher={MIT Press}
}
@article{tai2015improved,
  title={Improved semantic representations from tree-structured long short-term memory networks},
  author={Tai, Kai Sheng and Socher, Richard and Manning, Christopher D},
  journal={arXiv preprint arXiv:1503.00075},
  year={2015}
}
@article{mikolov2013efficient,
  title={Efficient estimation of word representations in vector space},
  author={Mikolov, Tomas and Chen, Kai and Corrado, Greg and Dean, Jeffrey},
  journal={arXiv preprint arXiv:1301.3781},
  year={2013}
}
@misc{lecun1998mnist,
      title={The MNIST database of handwritten digits},
        author={LeCun, Yann and Cortes, Corinna and Burges, Christopher JC},
          year={1998}
}
@article{krizhevsky2009cifar,
      title={CIFAR-10 and CIFAR-100 datasets},
        author={Krizhevsky, Alex and Nair, Vinod and Hinton, Geoffrey},
          journal={URl: https://www. cs. toronto. edu/\~{} kriz/cifar. html (vi sited on
              Mar. 1, 2016)},
            year={2009}
}
@article{karpathy2015visualizing,
  title={Visualizing and understanding recurrent networks},
  author={Karpathy, Andrej and Johnson, Justin and Fei-Fei, Li},
  journal={arXiv preprint arXiv:1506.02078},
  year={2015}
}
@inproceedings{saxena2016convolutional,
  title={Convolutional neural fabrics},
  author={Saxena, Shreyas and Verbeek, Jakob},
  booktitle={Advances In Neural Information Processing Systems},
  pages={4053--4061},
  year={2016}
}
@inproceedings{mikolov2013distributed,
      title={Distributed representations of words and phrases and their compositionality},
        author={Mikolov, Tomas and Sutskever, Ilya and Chen, Kai and Corrado, Greg S and
            Dean, Jeff},
          booktitle={Advances in neural information processing systems},
            pages={3111--3119},
              year={2013}
}
@article{schmidhuber1992learning,
      title={Learning to control fast-weight memories: An alternative to dynamic recurrent
          networks},
        author={Schmidhuber, J{\"u}rgen},
          journal={Neural Computation},
            volume={4},
              number={1},
                pages={131--139},
                  year={1992},
                    publisher={MIT Press}
}
@inproceedings{schmidhuber1993neural,
      title={A neural network that embeds its own meta-levels},
        author={Schmidhuber, J{\"u}rgen},
          booktitle={Neural Networks, 1993., IEEE International Conference on},
            pages={407--412},
              year={1993},
                organization={IEEE}
}
@inproceedings{hochreiter2001learning,
      title={Learning to learn using gradient descent},
        author={Hochreiter, Sepp and Younger, A Steven and Conwell, Peter R},
          booktitle={International Conference on Artificial Neural Networks},
            pages={87--94},
              year={2001},
                organization={Springer}
}
@inproceedings{younger2001meta,
      title={Meta-learning with backpropagation},
        author={Younger, A Steven and Hochreiter, Sepp and Conwell, Peter R},
          booktitle={Neural Networks, 2001. Proceedings. IJCNN'01. International Joint
              Conference on},
            volume={3},
              year={2001},
                organization={IEEE}
}
@inproceedings{andrychowicz2016learning,
      title={Learning to learn by gradient descent by gradient descent},
        author={Andrychowicz, Marcin and Denil, Misha and Gomez, Sergio and Hoffman,
            Matthew W and Pfau, David and Schaul, Tom and de Freitas, Nando},
          booktitle={Advances in Neural Information Processing Systems},
            pages={3981--3989},
              year={2016}
}
@article{li2016learning,
      title={Learning to optimize},
        author={Li, Ke and Malik, Jitendra},
          journal={arXiv preprint arXiv:1606.01885},
            year={2016}
}
@article{ritchie2003optimizationof,
      title={Optimizationof neural network architecture using genetic programming
          improvesdetection and modeling of gene-gene interactions in studies of
              humandiseases},
        author={Ritchie, Marylyn D and White, Bill C and Parker, Joel S and Hahn, Lance W
            and Moore, Jason H},
          journal={BMC bioinformatics},
            volume={4},
              number={1},
                pages={28},
                  year={2003},
                    publisher={BioMed Central}
}
@article{arifovic2001using,
      title={Using genetic algorithms to select architecture of a feedforward artificial
          neural network},
        author={Arifovic, Jasmina and Gencay, Ramazan},
          journal={Physica A: Statistical mechanics and its applications},
            volume={289},
              number={3},
                pages={574--594},
                  year={2001},
                    publisher={Elsevier}
}
@inproceedings{zeiler2014visualizing,
      title={Visualizing and understanding convolutional networks},
        author={Zeiler, Matthew D and Fergus, Rob},
          booktitle={European conference on computer vision},
            pages={818--833},
              year={2014},
                organization={Springer}
}
@article{yosinski2015understanding,
      title={Understanding neural networks through deep visualization},
        author={Yosinski, Jason and Clune, Jeff and Nguyen, Anh and Fuchs, Thomas and
            Lipson, Hod},
          journal={arXiv preprint arXiv:1506.06579},
            year={2015}
}
@inproceedings{yosinski2014transferable,
      title={How transferable are features in deep neural networks?},
        author={Yosinski, Jason and Clune, Jeff and Bengio, Yoshua and Lipson, Hod},
          booktitle={Advances in neural information processing systems},
            pages={3320--3328},
              year={2014}
}
@article{alain2016understanding,
      title={Understanding intermediate layers using linear classifier probes},
        author={Alain, Guillaume and Bengio, Yoshua},
          journal={arXiv preprint arXiv:1610.01644},
            year={2016}
}
@article{srivastava2014dropout,
      title={Dropout: a simple way to prevent neural networks from overfitting.},
        author={Srivastava, Nitish and Hinton, Geoffrey E and Krizhevsky, Alex and
            Sutskever, Ilya and Salakhutdinov, Ruslan},
          journal={Journal of Machine Learning Research},
            volume={15},
              number={1},
                pages={1929--1958},
                  year={2014}
}e
@article{everingham2010pascal,
      title={The pascal visual object classes (voc) challenge},
        author={Everingham, Mark and Van Gool, Luc and Williams, Christopher KI and Winn,
            John and Zisserman, Andrew},
          journal={International journal of computer vision},
            volume={88},
              number={2},
                pages={303--338},
                  year={2010},
                    publisher={Springer}
}
@article{greff2016lstm,
      title={LSTM: A search space odyssey},
        author={Greff, Klaus and Srivastava, Rupesh K and Koutn{\'\i}k, Jan and
            Steunebrink, Bas R and Schmidhuber, J{\"u}rgen},
          journal={IEEE transactions on neural networks and learning systems},
            year={2016},
              publisher={IEEE}
}
